@misc{gcp2023,
  author = {Google Cloud},
  title = {Building Serverless Applications with Cloud Run and Docker},
  howpublished = {\url{https://cloud.google.com/run/docs}},
  year = {2023},
  month = {apr}
}

@inproceedings{fastapi2022,
  author = {L. G. De Moura and C. A. F. de Lima},
  title = {Building Scalable APIs with FastAPI for Data Processing},
  booktitle = {Proceedings of the 2022 International Conference on Web Development},
  pages = {120-135},
  year = {2022},
  month = {mar},
  howpublished = {\url{https://fastapi.tiangolo.com/}}
}

@misc{nextjs2023,
  author = {Next.js},
  title = {Next.js Documentation: Build React Applications},
  howpublished = {\url{https://nextjs.org/docs}},
  year = {2023},
  month = {apr}
}

@misc{huggingface2023,
  author = {Hugging Face},
  title = {Transformers: Natural Language Processing with Pretrained Models},
  howpublished = {\url{https://huggingface.co/docs/transformers/}},
  year = {2023},
  month = {aug}
}